@inproceedings{posluns2022scalable,
	  title={A scalable architecture for reprioritizing ordered parallelism},
	    author={Posluns, Gilead and Zhu, Yan and Zhang, Guowei and Jeffrey, Mark C},
	      booktitle={Proceedings of the 49th Annual International Symposium on Computer Architecture},
	        pages={437--453},
		  year={2022}
}
